
@article{ refrigeration-ademe,
    author =       {Clodic, D. and Devin, E and Michineau, T. and Barrault, S.},
    title =        {Alternatives to high GWP HFCs In Refrigeration and Air conditioning applications},
    %journal =      "Annalen der Physik",
    %volume =       "322",
    %number =       "10",
    pages =        {1--119},
    year =         {2013}
    %DOI =          "http://dx.doi.org/10.1002/andp.19053221004"
    }
    
@article{ coolprop,
    author =       "BELL, I. and WRONSKI, J. and QUOILIN, S. and LEMORT, V",
    title =        "Pure and Pseudo-pure Fluid Thermophysical Property Evaluation and the Open-Source Thermophysical Property Library CoolProp",
    journal =      "Industrial and Engineering Chemistry Research",
    volume =       {53(6)},
    %number =       "10",
    pages =        "2498–-2508",
    year =         "2014"
    %DOI =          "http://dx.doi.org/10.1002/andp.19053221004"
    }    
  
@article{ pdsim,
    author =       "BELL, I. and ZIVIANI, D. and LEMORT, V. and BRADSHAW, C.R. and MATHISON, M. and HORTON, T. and BRAUN, J. E. and GROLL, E. A.",
    title =        " PDSim: A general quasi-steady modeling approach for positive displacement compressors and expanders",
    journal =      " International Journal of Refrigeration",
    volume =       "110",
    %number =       "10",
    pages =        "310--322",
    year =         "2020"
    %DOI =          "http://dx.doi.org/10.1002/andp.19053221004"
    } 
    
@article{ bijanzada,
    author =       "BIJANZAD, A. and HASSAN, A. and LAZOGLU, I. and KERPICCI, H.",
    title =        "Development of a new moving magnet linear compressor. Part A: Design and modeling",
    journal =      "International Journal of Refrigeration",
    volume =       "113",
    %number =       "10",
    pages =        "70--79",
    year =         "2020a"
    %DOI =          "http://dx.doi.org/10.1002/andp.19053221004"
    } 

@article{ bijanzadb,
    author =       "BIJANZAD, A. and HASSAN, A. and LAZOGLU, I. and KERPICCI, H.",
    title =        "Development of a new moving magnet linear compressor. Part B: Performance analysis",
    journal =      "International Journal of Refrigeration",
    volume =       "113",
    %number =       "10",
    pages =        "94--102",
    year =         "2020b"
    %DOI =          "http://dx.doi.org/10.1002/andp.19053221004"
    } 
    
@phdthesis{ bradshaw,
    author =       "BRADSHAW, C. R",
    title =        "A miniature-scale linear compressor for eletronics cooling",
    %journal =      "International Journal of Refrigeration",
    school =       "Purdue University",
    %number =       "10",
    Address =       "West Lafaytte - Indiana.",
    pages =        "p. 60",
    year =         "2020b"
    %DOI =          "http://dx.doi.org/10.1002/andp.19053221004"
    }


% AQUIIII
@techreport{ coulomb,
     title =  "The role of refrigeration in the global economy",
     author = "COULOMB, D. and DUPONT, J.L. and PICHARD, A.",
     group = "29th Informatory Note on Refrigeration Technologies",
     year = {2016},
     institution = "International Institute of Refrigeration"
}
    
@book{latexcompanion,
    author    = "ÇENGEL, Y.  A. and BOLES, M. A.",
    title     = " Thermodynamics: An engineering approach",
    year      = "2005",
    publisher = "McGrall-Hill",
    address   = "Boston, Massachusetts"
}

@manual{anuario,
	Org-Short = {EPE},
	Organization = {EMPRESA DE PESQUISA ENERGÉTICA},
	Subtitle = {ano base 2019},
	Title = {Anuário Estatístico De Energia Elétrica 2020},
	Year = 2020}


@article{ liang,
    author =       "LIANG, K.",
    title =        "A review of linear compressors for refrigeration",
    journal =      "International Journal of Refrigeration",
    volume =       "84",
    %number =       "10",
    pages =        "253-273",
    year =         "2017"
    %DOI =          "http://dx.doi.org/10.1002/andp.19053221004"
    } 

@MastersThesis{oliveira,
    author     =     "OLIVEIRA, M J.",
    title     =     "Modelação térmica do compressor recíproco linear operando sem óleo lubrificante",
    school     =     "Universidade Federal de Santa Catarina",
    address     =     "Florianópolis, Santa Catarina",
    year     =     "2014",
    }

@phdthesis{ ono,
    author =       "ONO, M. M.",
    title =        "Design industrial e diversidade cultural",
    Subtitle =      "sintonia essencial",
    %journal =      "International Journal of Refrigeration",
    school =       "Universidade de São Paulo",
    %number =       "10",
    Address =       "São Paulo",
    pages =        "p. 60",
    year =         "2004"
    %DOI =          "http://dx.doi.org/10.1002/andp.19053221004"
    }

@online{webplot,
  author = "ROHATGI, A.",
  title = "Webplotdigitizer: Version 4.4",
  year = 2020,
  url = "https://automeris.io/WebPlotDigitizer",
  urldate = {2020-11-19}
}

@article{ silva,
    author =       "SILVA, E. and DUTRA T.",
    title =        "Piston trajectory optimization of a reciprocating compressor",
    journal =      "International Journal of Refrigeration",
    %volume =       "84",
    %number =       "10",
    pages =        "27",
    year =         "2020"
    %DOI =          "http://dx.doi.org/10.1002/andp.19053221004"
    } 

@book{rao,
    author    = "RAO, S. S",
    title     = "Mechanical Vibrations",
    year      = "2018",
    publisher = "Pearson Education",
    address   = "Harlow"
}

@online{webplot,
  author = "TRONBINI, J",
  title = "Pesquisadores da Embraco são finalistas do Prêmio Stemmer",
  year = 2016,
  url = "https://www.fapesc.sc.gov.br/pesquisadores-da-embraco-sao-finalistas-do-premio-stemmer",
  urldate = {2020-11-19}
}


@article{ bijanzada,
    author =       "BIJANZAD, A. and HASSAN, A. and LAZOGLU, I. and KERPICCI, H.",
    title =        "Development of a new moving magnet linear compressor. Part A: Design and modeling",
    journal =      "International Journal of Refrigeration",
    volume =       "113",
    %number =       "10",
    pages =        "70--79",
    year =         "2020a"
    %DOI =          "http://dx.doi.org/10.1002/andp.19053221004"
    } 
    
@article{ zhangb,
        author =       "ZHANG, X. and ZIVIANI, D. and BRAUN, J.E. and GROLL, E.A.",
        title =        "Experimental validation and sensitivity analysis of a dynamic simulation model for linear compressors",
        journal =      "International Journal of Refrigeration",
        volume =       "117",
        %number =       "10",
        pages =        " 369--380",
        year =         "2020b"
        %DOI =          "http://dx.doi.org/10.1002/andp.19053221004"
} 

@article{ zhanga,
        author =       "ZHANG, X. and ZIVIANI, D. and BRAUN, J.E. and GROLL, E.A.",
        title =        "Theoretical analysis of dynamic characteristics in linear compressors",
        journal =      "International Journal of Refrigeration",
        volume =       "109",
        %number =       "10",
        pages =        " 114--127",
        year =         " 2020a"
        %DOI =          "http://dx.doi.org/10.1002/andp.19053221004"
} 

